<?xml version="1.0" encoding="UTF-8"?><collection xmlns="http://www.loc.gov/MARC21/slim"><record><leader>00577nam--2200193-i-4500</leader><controlfield tag="001">000011193</controlfield><controlfield tag="002">20161230</controlfield><controlfield tag="005">20161230201029</controlfield><controlfield tag="008">060222s1000------------r-----000-0-rum-d</controlfield><datafield ind1=" " ind2=" " tag="040"><subfield code="a">IFIN-HH</subfield></datafield><datafield ind1=" " ind2=" " tag="041"><subfield code="a">rum</subfield></datafield><datafield ind1=" " ind2=" " tag="080"><subfield code="a">621.311.25:621.039.5</subfield></datafield><datafield ind1="1" ind2=" " tag="100"><subfield code="a">Burducea, Corneliu</subfield></datafield><datafield ind1="1" ind2="0" tag="245"><subfield code="a">Centrale nuclearoelectrice de putere mare</subfield><subfield code="c">Corneliu burducea, costin motoiu, nelu vasilescu, constantin mingiuc, camil wlezek</subfield></datafield><datafield ind1=" " ind2=" " tag="260"><subfield code="a">Bucuresti</subfield><subfield code="b">Editura Tehnica</subfield><subfield code="c">1974</subfield></datafield><datafield ind1=" " ind2=" " tag="300"><subfield code="a">696 P</subfield></datafield><datafield ind1="1" ind2=" " tag="700"><subfield code="a">Wlezek, Camil</subfield></datafield><datafield ind1=" " ind2=" " tag="852"><subfield code="a">41425</subfield><subfield code="c">621.311</subfield></datafield><datafield ind1=" " ind2=" " tag="CAT"><subfield code="a">Sys</subfield><subfield code="c">20120510</subfield><subfield code="h">142319</subfield></datafield></record></collection>